@book{wooldridgeEconometricAnalysisCross2010,
  title = {Econometric Analysis of Cross Section and Panel Data},
  author = {Wooldridge, Jeffrey M.},
  date = {2010},
  publisher = {MIT press},
  keywords = {Advanced Microeconometrics,Econometrics,Panel Data},
  file = {C:\Users\mathi\Zotero\storage\97QTTEEG\Wooldridge - 2010 - Econometric analysis of cross section and panel data.pdf}
}
